

%A
@article{aitchison1989,
  title={The multivariate {P}oisson-log normal distribution},
  author={Aitchison, John and Ho, CH},
  journal={Biometrika},
  volume={76},
  number={4},
  pages={643--653},
  year={1989},
  publisher={Biometrika Trust}
}
@article{aitken26,
    Author         = {Aitken, A. C.},
    Title          = {A series formula for the roots of algebraic and transcendental equations},
    Journal        = {Proceedings of the Royal Society of Edinburgh},
    Volume         = {45},
    Pages          = {14--22},
    Year           = {1926},
}
@article{anders2010,
  title={Differential expression analysis for sequence count data},
  author={Anders, Simon and Huber, Wolfgang},
  journal={Nature Precedings},
  pages={1--1},
  year={2010},
  publisher={Nature Publishing Group}
}
@article{archambeau2007,
  title={Gaussian process approximations of stochastic differential equations},
  author={Archambeau, Cedric and Cornford, Dan and Opper, Manfred and Shawe-Taylor, John},
  journal={Journal of machine learning research},
  volume={1},
  pages={1--16},
  year={2007}
}
@article{arridge2018,
  title={Variational Gaussian approximation for Poisson data},
  author={Arridge, Simon R and Ito, Kazufumi and Jin, Bangti and Zhang, Chen},
  journal={Inverse Problems},
  volume={34},
  number={2},
  pages={025005},
  year={2018},
  publisher={IOP Publishing}
}

%B
@article {banfield93,
   AUTHOR = {Banfield, Jeffrey D. and Raftery, Adrian E.},
    TITLE = {Model-based {G}aussian and non-{G}aussian clustering},
  JOURNAL = {Biometrics},
 FJOURNAL = {Biometrics. Journal of the Biometric Society},
   VOLUME = {49},
     YEAR = {1993},
   NUMBER = {3},
    PAGES = {803--821},
}
@article{biernacki2003,
  title={Choosing starting values for the EM algorithm for getting the highest likelihood in multivariate Gaussian mixture models},
  author={Biernacki, Christophe and Celeux, Gilles and Govaert, G{\'e}rard},
  journal={Computational Statistics \& Data Analysis},
  volume={41},
  number={3-4},
  pages={561--575},
  year={2003},
  publisher={Elsevier}
}
@article{blei2017,
  title={Variational inference: A review for statisticians},
  author={Blei, David M and Kucukelbir, Alp and McAuliffe, Jon D},
  journal={Journal of the American statistical Association},
  volume={112},
  number={518},
  pages={859--877},
  year={2017},
  publisher={Taylor \& Francis}
}
@article{bohning94,
    Author     = {B\"{o}hning, D. and Dietz, E. and Schaub, R. and Schlattmann, P. and Lindsay, B.},
    Title      = {The distribution of the likelihood ratio for mixtures of densities from the one-parameter exponential family},
    Journal    = {Annals of the Institute of Statistical Mathematics},
    Volume     = {46},
    Pages      = {373--388},
    Year       = {1994},
}
@article{bouveyron2012,
  title={Simultaneous model-based clustering and visualization in the Fisher discriminative subspace},
  author={Bouveyron, Charles and Brunet, Camille},
  journal={Statistics and Computing},
  volume={22},
  number={1},
  pages={301--324},
  year={2012},
  publisher={Springer}
}
@article{bozdogan1987,
  title={Model selection and Akaike's information criterion (AIC): The general theory and its analytical extensions},
  author={Bozdogan, Hamparsum},
  journal={Psychometrika},
  volume={52},
  number={3},
  pages={345--370},
  year={1987},
  publisher={Springer}
}
@article{brijs2004,
  title={A multivariate Poisson mixture model for marketing applications},
  author={Brijs, Tom and Karlis, Dimitris and Swinnen, Gilbert and Vanhoof, Koen and Wets, Geert and Manchanda, Puneet},
  journal={Statistica Neerlandica},
  volume={58},
  number={3},
  pages={322--348},
  year={2004},
  publisher={Wiley Online Library}
}
@article{browne14a,
    Author  = {Browne, R. P. and McNicholas, Paul D.},
    Title  = {Estimating Common Principal Components in High Dimensions},
    Year  = {2014},
    Journal = {Advances in Data Analysis and Classification},
    Volume = {8},
    Number = {2},
    pages = {217--226},
}
@article{browne2015,
  title={A mixture of generalized hyperbolic distributions},
  author={Browne, Ryan P and McNicholas, Paul D},
  journal={Canadian Journal of Statistics},
  volume={43},
  number={2},
  pages={176--198},
  year={2015},
  publisher={Wiley Online Library}
}
@article{bullard2010,
  title={Evaluation of statistical methods for normalization and differential expression in mRNA-Seq experiments},
  author={Bullard, James H and Purdom, Elizabeth and Hansen, Kasper D and Dudoit, Sandrine},
  journal={BMC bioinformatics},
  volume={11},
  number={1},
  pages={94},
  year={2010},
  publisher={BioMed Central}
}
@article{bulmer1974,
  title={On fitting the Poisson lognormal distribution to species-abundance data},
  author={Bulmer, MG},
  journal={Biometrics},
  pages={101--110},
  year={1974},
  publisher={JSTOR}
}

%C
@article{campbell1934,
  title={The Poisson correlation function},
  author={Campbell, JT},
  journal={Proceedings of the Edinburgh Mathematical Society},
  volume={4},
  number={1},
  pages={18--26},
  year={1934},
  publisher={Cambridge University Press}
}
@article{celeux95,
AUTHOR={Celeux, Gilles and Govaert, G\'{e}rard},
TITLE={Gaussian parsimonious clustering models},
JOURNAL={Pattern Recognition},
VOLUME={28},
PAGES={781--793},
YEAR={1995}
}
@article{challis2013,
  title={Gaussian kullback-leibler approximate inference},
  author={Challis, Edward and Barber, David},
  journal={The Journal of Machine Learning Research},
  volume={14},
  number={1},
  pages={2239--2286},
  year={2013},
  publisher={JMLR. org}
}
@article{chagneau2011,
  title={A Hierarchical Bayesian Model for Spatial Prediction of Multivariate Non-Gaussian Random Fields},
  author={Chagneau, Pierrette and Mortier, Fr{\'e}d{\'e}ric and Picard, Nicolas and Bacro, Jean-No{\"e}l},
  journal={Biometrics},
  volume={67},
  number={1},
  pages={97--105},
  year={2011},
  publisher={Wiley Online Library}
}
@article{chen2018,
  title={On the use of bootstrap with variational inference: Theory, interpretation, and a two-sample test example},
  author={Chen, Yen-Chi and Wang, Y Samuel and Erosheva, Elena A and others},
  journal={The Annals of Applied Statistics},
  volume={12},
  number={2},
  pages={846--876},
  year={2018},
  publisher={Institute of Mathematical Statistics}

 @InProceedings{Chiquet2019,
    author = {Julien Chiquet and Mahendra Mariadassou and Stéphane
      Robin},
    title = {Variational inference for sparse network reconstruction
      from count data},
    booktitle = {Proceedings of the 36th International Conference on
      Machine Learning},
    year = {2019},
    volume = {97},
    series = {Proceedings of Machine Learning Research},
    url = {http://proceedings.mlr.press/v97/chiquet19a.html},
  }
@article{collings1985,
  title={Testing goodness of fit for the Poisson assumption when observations are not identically distributed},
  author={Collings, Bruce J and Margolin, Barry H},
  journal={Journal of the American Statistical Association},
  volume={80},
  number={390},
  pages={411--418},
  year={1985},
  publisher={Taylor \& Francis}
}



%D
@article{dang2015,
  title={Mixtures of multivariate power exponential distributions},
  author={Dang, Utkarsh J and Browne, Ryan P and McNicholas, Paul D},
  journal={Biometrics},
  volume={71},
  number={4},
  pages={1081--1089},
  year={2015},
  publisher={Wiley Online Library}
}
@article{dang2017,
  title={Multivariate response and parsimony for {G}aussian cluster-weighted models},
  author={Dang, Utkarsh J and Punzo, Antonio and McNicholas, Paul D and Ingrassia, Salvatore and Browne, Ryan P},
  journal={Journal of Classification},
  volume={34},
  number={1},
  pages={4--34},
  year={2017},
  publisher={Springer}
}

@article{de2008,
  title={Clustering cancer gene expression data: a comparative study},
  author={de Souto, Marcilio CP and Costa, Ivan G and de Araujo, Daniel SA and Ludermir, Teresa B and Schliep, Alexander},
  journal={BMC Bioinformatics},
  volume={9},
  number={1},
  pages={1},
  year={2008},
  publisher={BioMed Central}
}

@ARTICLE{dempster77,
    Author         = "Dempster, A. P. and Laird, N. M. and Rubin, D. B.",
    Title          = {Maximum likelihood from incomplete data via the {EM} algorithm},
    Journal        = {Journal of the Royal Statistical Society: Series B},
    Volume         = {39},
    Number         = {1},
    Pages          = {1--38},
    Year           = {1977}
}

@article{dong2016,
  title={NBLDA: negative binomial linear discriminant analysis for RNA-Seq data},
  author={Dong, Kai and Zhao, Hongyu and Tong, Tiejun and Wan, Xiang},
  journal={BMC bioinformatics},
  volume={17},
  number={1},
  pages={369},
  year={2016},
  publisher={Springer}
}

%E
%F
@article{franczak14,
	Author = {Franczak, B. C. and Browne, R. P. and McNicholas, P. D.},
	Journal = {IEEE Transactions on Pattern Analysis and Machine Intelligence},
	Title = {Mixtures of Shifted Asymmetric {L}aplace Distributions},
	Year = {2014},
	Volume = {36},
	Number = {6}, 
	Pages = {1149--1157},
}

%G
@article{gallopin2013,
  title={A hierarchical {P}oisson log-normal model for network inference from {RNA} sequencing data},
  author={Gallopin, M{\'e}lina and Rau, Andrea and Jaffr{\'e}zic, Florence},
  journal={PloS One},
  volume={8},
  number={10},
  pages={e77503},
  year={2013},
  publisher={Public Library of Science}
}
@article{georgescu2011,
  title={An automated {MCEM} algorithm for hierarchical models with multivariate and multitype Response Variables},
  author={Georgescu, Vera and Desassis, Nicolas and Soubeyrand, Samuel and Kretzschmar, Andr{\'e} and Senoussi, Rachid},
  journal={Communications in Statistics-Theory and Methods},
  volume={43},
  number={17},
  pages={3698--3719},
  year={2014},
  publisher={Taylor \& Francis}
}
@article{gollini2014,
  title={Mixture of latent trait analyzers for model-based clustering of categorical data},
  author={Gollini, Isabella and Murphy, Thomas Brendan},
  journal={Statistics and Computing},
  volume={24},
  number={4},
  pages={569--588},
  year={2014},
  publisher={Springer}
}
@article{greenwood1920,
  title={An inquiry into the nature of frequency distributions representative of multiple happenings with particular reference to the occurrence of multiple attacks of disease or of repeated accidents},
  author={Greenwood, Major and Yule, G Udny},
  journal={Journal of the Royal statistical society},
  volume={83},
  number={2},
  pages={255--279},
  year={1920},
  publisher={JSTOR}
}
@article{gurland1958,
  title={A generalized class of contagious distributions},
  author={Gurland, John},
  journal={Biometrics},
  volume={14},
  number={2},
  pages={229--249},
  year={1958},
  publisher={JSTOR}
}

%H
@article{hoffman2014,
  title={The No-U-turn sampler: adaptively setting path lengths in Hamiltonian Monte Carlo.},
  author={Hoffman, Matthew D and Gelman, Andrew},
  journal={Journal of Machine Learning Research},
  volume={15},
  number={1},
  pages={1593--1623},
  year={2014}
}
@article{holla1967,
  title={On a Poisson-inverse Gaussian distribution},
  author={Holla, MS},
  journal={Metrika},
  volume={11},
  number={1},
  pages={115--121},
  year={1967},
  publisher={Springer}
}
@ARTICLE{hubert85,
    Author         = "Hubert, L. and Arabie, P.",
    Title          = {Comparing Partitions},
    Journal        = {Journal of Classification},
    Pages          = {193--218},
    Volume         = {2},
 year={1985},
  publisher={Springer}
}
%I
@article{inouye2017,
  title={A review of multivariate distributions for count data derived from the Poisson distribution},
  author={Inouye, David I and Yang, Eunho and Allen, Genevera I and Ravikumar, Pradeep},
  journal={Wiley Interdisciplinary Reviews: Computational Statistics},
  volume={9},
  number={3},
  pages={e1398},
  year={2017},
  publisher={Wiley Online Library}
}
%J
%K
@article{karlis2005,
  title={Mixed poisson distributions},
  author={Karlis, Dimitris and Xekalaki, Evdokia},
  journal={International Statistical Review},
  volume={73},
  number={1},
  pages={35--58},
  year={2005},
  publisher={Wiley Online Library}
}
@article{karlis2007,
  title={Finite mixtures of multivariate Poisson distributions with application},
  author={Karlis, Dimitris and Meligkotsidou, Loukia},
  journal={Journal of statistical Planning and Inference},
  volume={137},
  number={6},
  pages={1942--1960},
  year={2007},
  publisher={Elsevier}
}
@article{kosmidis2016,
  title={Model-based clustering using copulas with applications},
  author={Kosmidis, Ioannis and Karlis, Dimitris},
  journal={Statistics and computing},
  volume={26},
  number={5},
  pages={1079--1099},
  year={2016},
  publisher={Springer}
}
@inproceedings{khan2013,
  title={Fast dual variational inference for non-conjugate latent gaussian models},
  author={Khan, Mohammad Emtiyaz and Aravkin, Aleksandr and Friedlander, Michael and Seeger, Matthias},
  booktitle={International Conference on Machine Learning},
  pages={951--959},
  year={2013}
}
%L
@article{love2014,
  title={Moderated estimation of fold change and dispersion for RNA-seq data with DESeq2},
  author={Love, Michael I and Huber, Wolfgang and Anders, Simon},
  journal={Genome biology},
  volume={15},
  number={12},
  pages={550},
  year={2014},
  publisher={Springer}

%M
@article{marioni2008,
  title={RNA-seq: an assessment of technical reproducibility and comparison with gene expression arrays},
  author={Marioni, John C and Mason, Christopher E and Mane, Shrikant M and Stephens, Matthew and Gilad, Yoav},
  journal={Genome research},
  volume={18},
  number={9},
  pages={1509--1517},
  year={2008},
  publisher={Cold Spring Harbor Lab}
  }
 @article{mcnicholas2008,
  title={Parsimonious Gaussian mixture models},
  author={Mcnicholas, Paul David and Murphy, Thomas Brendan},
  journal={Statistics and Computing},
  volume={18},
  number={3},
  pages={285--296},
  year={2008},
  publisher={Springer}
}
 @article{murray14b,
	Author = {Murray, P. M. and Browne, R. B. and McNicholas, P. D.},
	Year = {2014b},
	title = {Mixtures of skew-t factor analyzers}, 
	journal = {Computational Statistics and Data Analysis}, 
	volume = {77}, 
	pages = {326--335},
}

%N
@article{neal2011,
  title={MCMC using Hamiltonian dynamics},
  author={Neal, Radford M and others},
  journal={Handbook of Markov Chain Monte Carlo},
  volume={2},
  number={11},
  year={2011},
  publisher={CRC Press New York, NY}
}
%O
%P
@article{papastamoulis2016,
  title={On the estimation of mixtures of {P}oisson regression models with large number of components},
  author={Papastamoulis, Panagiotis and Martin-Magniette, Marie-Laure and Maugis-Rabusseau, Cathy},
  journal={Computational Statistics \& Data Analysis},
  volume={93},
  pages={97--106},
  year={2016},
  publisher={Elsevier}
}
%Q

%R
@article{rau2011,
  title={Clustering high-throughput sequencing data with Poisson mixture models},
  author={Rau, Andrea and Celeux, Gilles and Martin-Magniette, Marie-Laure and Maugis-Rabusseau, Cathy},
  year={2011}
}
@article{rau2015,
  title={Co-expression analysis of high-throughput transcriptome sequencing data with {P}oisson mixture models},
  author={Rau, Andrea and Maugis-Rabusseau, Cathy and Martin-Magniette, Marie-Laure and Celeux, Gilles},
  journal={Bioinformatics},
  pages={1420--1427},
  year={2015},
    volume={31},
  number={9}
}
@article{robinson2010,
  title={edgeR: a Bioconductor package for differential expression analysis of digital gene expression data},
  author={Robinson, Mark D and McCarthy, Davis J and Smyth, Gordon K},
  journal={Bioinformatics},
  volume={26},
  number={1},
  pages={139--140},
  year={2010},
  publisher={Oxford University Press}
}


%S
@article{sarabia2011,
  title={Multivariate Poisson-Beta distributions with applications},
  author={Sarabia, Jos{\'e} Mar{\'\i}a and G{\'o}mez-D{\'e}niz, Emilio},
  journal={Communications in Statistics-Theory and Methods},
  volume={40},
  number={6},
  pages={1093--1108},
  year={2011},
  publisher={Taylor \& Francis}
}
@article{schwarz1978,
  title={Estimating the dimension of a model},
  author={Schwarz, Gideon and others},
  journal={The annals of statistics},
  volume={6},
  number={2},
  pages={461--464},
  year={1978},
  publisher={Institute of Mathematical Statistics}
}
  @Article{scrucca2016,
    title = {{mclust} 5: clustering, classification and density estimation using {G}aussian finite mixture models},
    author = {Luca Scrucca and Michael Fop and Thomas Brendan Murphy and Adrian E. Raftery},
    journal = {The {R} Journal},
    year = {2016},
    volume = {8},
    number = {1},
    pages = {205--233},
    url = {https://journal.r-project.org/archive/2016-1/scrucca-fop-murphy-etal.pdf},
  }
@article{si2013,
  title={Model-based clustering for {RNA}-seq data},
  author={Si, Yaqing and Liu, Peng and Li, Pinghua and Brutnell, Thomas P},
  journal={Bioinformatics},
  pages={197--205},
  volume={30},
    number={2},
  year={2014},
  publisher={Oxford Univ Press}
}
@article{silva2019,
  title={A multivariate Poisson-log normal mixture model for clustering transcriptome sequencing data},
  author={Silva, Anjali and Rothstein, Steven J and McNicholas, Paul D and Subedi, Sanjeena},
  journal={BMC bioinformatics},
  volume={20},
  number={1},
  pages={394},
  year={2019},
  publisher={BioMed Central}
}
  @Manual{Stan,
    title = {{Stan: A C++ library for probability and sampling (Version 2.8.0)}},
    author = {{Stan Development Team}},
    year = {2015}
  }
@article{subedi2014,
  title={Variational Bayes approximations for clustering via mixtures of normal inverse Gaussian distributions},
  author={Subedi, Sanjeena and McNicholas, Paul D},
  journal={Advances in Data Analysis and Classification},
  volume={8},
  number={2},
  pages={167--193},
  year={2014},
  publisher={Springer}
}
@article{subedi2015,
  title={Cluser-weighed $t$-facor analyzers for robus model-based clusering and dimension reducion},
  author={Subedi, Sanjeena and Punzo, Antonio and Ingrassia, Salvatore and McNicholas, Paul D},
  journal={Statistical Methods \& Applications},
  volume={24},
  number={4},
  pages={623--649},
  year={2015},
  publisher={Springer}
}
  @article{subedi2020,
  title={A variational approximations-dic rubric for parameter estimation and mixture model selection within a family setting},
  author={Subedi, Sanjeena and McNicholas, Paul D},
  journal={Journal of Classification},
  pages={1--20},
  year={2020},
  publisher={Springer}
}
@article{subedi2020parsimonious,
  title={A parsimonious family of multivariate Poisson-lognormal distributions for clustering multivariate count data},
  author={Subedi, Sanjeena and Browne, Ryan},
  journal={arXiv preprint arXiv:2004.06857},
  year={2020}
}

%T
@article{tang2015,
  title={Model based clustering of high-dimensional binary data},
  author={Tang, Yang and Browne, Ryan P and McNicholas, Paul D},
  journal={Computational Statistics \& Data Analysis},
  volume={87},
  pages={84--101},
  year={2015},
  publisher={Elsevier}
}
@article{teicher1954,
  title={On the multivariate Poisson distribution},
  author={Teicher, Henry},
  journal={Scandinavian Actuarial Journal},
  volume={1954},
  number={1},
  pages={1--9},
  year={1954},
  publisher={Taylor \& Francis}
}
@article{tortora19,
	author = {Tortora, C. and Franczak, B. C. and Browne, R. P. and McNicholas, P. D.}, 
	title = {A mixture of coalesced generalized hyperbolic distributions}, 
	journal = {Journal of Classification}, 
	year = {2019},
	volume = {36},
	number = {1}, 
	pages = {26--57},
}

%U

%V
@article{vrbik14,
	Author = {Vrbik, I. and McNicholas, P. D.},
	Journal = {Computational Statistics and Data Analysis},
	Title = {Parsimonious skew mixture models for model-based clustering and classification},
	Year = {2014},
	Volume = {71}, 
	Pages = {196--210},
}

%W
@article{wainwright2008,
  title={Graphical models, exponential families, and variational inference},
  author={Wainwright, Martin J and Jordan, Michael I and others},
  journal={Foundations and Trends{\textregistered} in Machine Learning},
  volume={1},
  number={1--2},
  pages={1--305},
  year={2008},
  publisher={Now Publishers, Inc.}
}
@article{wei1990,
  title={A {M}onte {C}arlo implementation of the {EM} algorithm and the poor man's data augmentation algorithms},
  author={Wei, Greg CG and Tanner, Martin A},
  journal={Journal of the American Statistical Association},
  volume={85},
  number={411},
  pages={699--704},
  year={1990},
  publisher={Taylor \& Francis}
}
@article{willmot1993,
  title={On recursive evaluation of mixed Poisson probabilities and related quantities},
  author={Willmot, Gordon E},
  journal={Scandinavian Actuarial Journal},
  volume={1993},
  number={2},
  pages={114--133},
  year={1993},
  publisher={Taylor \& Francis}
}
@article{witten2010,
  title={Ultra-high throughput sequencing-based small RNA discovery and discrete statistical biomarker analysis in a collection of cervical tumours and matched controls},
  author={Witten, Daniela and Tibshirani, Robert and Gu, Sam Guoping and Fire, Andrew and Lui, Weng-Onn},
  journal={BMC biology},
  volume={8},
  number={1},
  pages={58},
  year={2010},
  publisher={Springer}
}

%X

%Y
@article{yu2013,
  title={Shrinkage estimation of dispersion in Negative Binomial models for RNA-seq experiments with small sample size},
  author={Yu, Danni and Huber, Wolfgang and Vitek, Olga},
  journal={Bioinformatics},
  volume={29},
  number={10},
  pages={1275--1282},
  year={2013},
  publisher={Oxford University Press}
}

%Z
@article{zhang2017,
  title={Regression models for multivariate count data},
  author={Zhang, Yiwen and Zhou, Hua and Zhou, Jin and Sun, Wei},
  journal={Journal of Computational and Graphical Statistics},
  volume={26},
  number={1},
  pages={1--13},
  year={2017},
  publisher={Taylor \& Francis}
}

